@MISC{  k_framework,
    author = "{Grigore Rosu together with the FMSE group lead by Dorel Lucanu}",
    title = "K - Executable Semantic Framework",
    howpublished = "\url{http://www.kframework.org/index.php/Main_Page}"
}
@MISC{  atom,
    author = "{Tom Hawkins}",
    title = "Atom: An EDSL for Embedded Hard Realtime Applications",
    howpublished = "\url{https://github.com/tomahawkins/atom}"
}
@MISC{  yakindu,
    author = "{itemis}",
    title = "YAKINDU STATECHART TOOLS",
    howpublished = "\url{https://www.itemis.com/en/yakindu/statechart-tools}"
}
@MISC{  gsl,
    author = "{iMatix Corporation}",
    title = "GSL/4.1 - a Universal Code Generator",
    howpublished = "\url{https://github.com/imatix/gsl}"
}
@MISC{  ivory,
    title = "Ivory Language",
    howpublished = "\url{http://ivorylang.org/}"
}
@MISC{  models_poster,
    author = "{Peter Van Roy}",
    title = "Classification of the principal programming paradigms",
    howpublished = "\url{https://www.info.ucl.ac.be/~pvr/paradigms.html}"
}
@MISC{  unhackable,
    author = "{Andrew Tarantola}",
    title = "The Pentagon wants unhackable drone helicopters by 2018",
    howpublished = "\url{http://www.engadget.com/2015/03/16/pentagon-wants-unhackable-helicopters}"
}
@MISC{  safe_kernel,
    author = "{Michael Slezak}",
    title = "Unhackable kernel could keep all computers safe from cyberattack",
    howpublished = "\url{https://www.newscientist.com/article/mg22730392-600-unhackable-kernel-could-keep-all-computers-safe-from-cyberattack-2}"
}
@MISC{  dsls,
    author = "{Jim Duey}",
    title = "DSLs in Clojure",
    howpublished = "\url{https://github.com/strangeloop/clojurewest2012-slides/raw/master/Duey-DSLs.pdf}"
}
